
@misc{ref1,
	title = "Principal debilidad de Boosting (artículo de la referencia nº 15 de los artículos referenciados al final de la página)",
	howpublished = "\url{https://es.wikipedia.org/wiki/Boosting}",
}
       
@misc{ref2,
	title = "Principal debilidad de Random Forests (artículo de la referencia nº 8 de los artículos referenciados al final de la página)",
	howpublished = "\url{https://es.wikipedia.org/wiki/Random_forest}",
}
